@inproceedings{trainer2016hackathon,
  title={How to hackathon: Socio-technical tradeoffs in brief, intensive collocation},
  author={Trainer, Erik H and Kalyanasundaram, Arun and Chaihirunkarn, Chalalai and Herbsleb, James D},
  booktitle={Proceedings of the 19th ACM Conference on Computer-Supported Cooperative Work \& Social Computing},
  pages={1118--1130},
  year={2016},
  organization={ACM}
}